<record><leader>00000cas a22000007a 4500</leader><controlfield tag="001">15545909</controlfield><controlfield tag="008">870417d18911892msudr ne      0    0eng d</controlfield><datafield ind1=" " ind2=" " tag="010"><subfield code="a">sn 87065244 </subfield></datafield><datafield ind1=" " ind2=" " tag="040"><subfield code="a">MJA</subfield><subfield code="b">eng</subfield><subfield code="c">MJA</subfield><subfield code="d">MSJ</subfield><subfield code="d">LNP</subfield><subfield code="d">OCLCQ</subfield></datafield><datafield ind1=" " ind2=" " tag="042"><subfield code="a">msc</subfield></datafield><datafield ind1="0" ind2="0" tag="245"><subfield code="a">Daily state ledger.</subfield></datafield><datafield ind1="3" ind2="0" tag="246"><subfield code="a">State ledger</subfield></datafield><datafield ind1=" " ind2=" " tag="260"><subfield code="a">Jackson, Miss. :</subfield><subfield code="b">R.H. Henry,</subfield><subfield code="c">1891-1892.</subfield></datafield><datafield ind1=" " ind2=" " tag="310"><subfield code="a">Daily (except Sun.)</subfield></datafield><datafield ind1="0" ind2=" " tag="362"><subfield code="a">Vol. 3, no. 1 (Dec. 7, 1891)-v. 4, no. 20 (Dec. 31, 1892).</subfield></datafield><datafield ind1=" " ind2=" " tag="500"><subfield code="a">"Democratic."</subfield></datafield><datafield ind1=" " ind2=" " tag="580"><subfield code="a">Issued also in a weekly edition called: State ledger (Jackson, Miss. : 1891).</subfield></datafield><datafield ind1=" " ind2=" " tag="752"><subfield code="a">United States</subfield><subfield code="b">Mississippi</subfield><subfield code="c">Hinds</subfield><subfield code="d">Jackson.</subfield></datafield><datafield ind1="1" ind2=" " tag="775"><subfield code="t">State ledger (Jackson, Miss. : 1891)</subfield><subfield code="w">(OCoLC)15546120</subfield></datafield><datafield ind1="0" ind2="7" tag="780"><subfield code="t">Daily clarion-ledger (Jackson, Miss. : 1888)</subfield><subfield code="w">(OCoLC)15553539</subfield></datafield><datafield ind1="0" ind2="7" tag="785"><subfield code="t">Daily clarion (Jackson, Miss. : 1891)</subfield><subfield code="w">(OCoLC)15545068</subfield></datafield><datafield ind1="0" ind2="7" tag="785"><subfield code="t">Daily clarion-ledger</subfield><subfield code="w">(DLC)sn 83045233</subfield><subfield code="w">(OCoLC)8143974</subfield></datafield></record>